<?xml version="1.0" encoding="UTF-8"?><record xmlns="http://www.loc.gov/MARC21/slim" xmlns:cinclude="http://apache.org/cocoon/include/1.0" xmlns:zs="http://www.loc.gov/zing/srw/">
  <leader>00366cz  a2200121n  4500</leader>
  <controlfield tag="001">n 2002056814</controlfield>
  <controlfield tag="003">DLC</controlfield>
  <controlfield tag="005">20020328170357.0</controlfield>
  <controlfield tag="008">020328n| acannaabn          |n aaa      </controlfield>
  <datafield tag="010" ind1=" " ind2=" ">
    <subfield code="a">n 2002056814</subfield>
  </datafield>
  <datafield tag="040" ind1=" " ind2=" ">
    <subfield code="a">DLC</subfield>
    <subfield code="c">DLC</subfield>
  </datafield>
  <datafield tag="100" ind1="1" ind2=" ">
    <subfield code="a">Studholme, Alexander,</subfield>
    <subfield code="d">1967-</subfield>
  </datafield>
  <datafield tag="670" ind1=" " ind2=" ">
    <subfield code="a">The origins of Om manipadme hum, 2002:</subfield>
    <subfield code="b">CIP t.p. (Alexander Studholme) data sheet (b. Jan. 6th, 1667)</subfield>
  </datafield>
</record>